@BOOK{Smith:2023qr,
	title = {{B}ook {T}itle},
	publisher = {Publisher},
	author = {Smith, J.~M. and Jones, A.~B.},
	year = {2023},
	edition = {7th},
}

@ARTICLE{Smith:2024jd,
	author = {Jones, A.~B. and Smith, J.~M.},
	title = {{A}rticle {T}itle},
	journal = {Journal title},
	year = {2024},
	volume = {13},
	pages = {123-456},
	number = {52},
	month = {3},
	publisher = {Publisher},
	doi = {10.1038/s41586-021-03616-x},
}

@ARTICLE{Chang:fhl1,
author = {Niu, Chang and Liang, Chaoyang and Guo, Juntang and Cheng, Long and Zhang, Hao and Qin, Xi and Zhang, Qunwei and Ding, Lihua and Yuan, Bin and Xu, Xiaojie and Li, Jiezhi and Lin, Jing and Ye, Qinong},
title = {Downregulation and growth inhibitory role of FHL1 in lung cancer},
journal = {International Journal of Cancer},
volume = {130},
number = {11},
pages = {2549-2556},
keywords = {FHL1, lung cancer, cell growth, cell cycle},
year = {2012}
}


}

@ARTICLE{Zhang:spp1,
	author = {Zhang, W. and Fan, J. and Chen, Q. and Lei, C. and Qiao, B. and Liu, Q.},
	title = {SPP1 and AGER as potential prognostic biomarkers for lung adenocarcinoma},
	journal = {Oncology Letters},
	year = {2018},
	volume = {15},
	number = {5},
	pages = {7028â€“7036},
	doi = {10.3892/ol.2018.8235},
}

@ARTICLE{Xiao2017,
  author = {Xiao, Jie and Liu, Aimin and Lu, Xing and Chen, Xiaojun and Li, Weixue and He, Shuo and He, Bin and Chen, Qixing},
  title = {Prognostic Significance of {TCF21} mRNA Expression in Patients with Lung Adenocarcinoma},
  journal = {Scientific Reports},
  volume = {7},
  number = {1},
  pages = {2027},
  year = {2017},
  month = {May},
  day = {17},
  doi = {10.1038/s41598-017-02290-2},
  pmid = {28515486},
  pmcid = {PMC5435710}
}

@article{chockalingam2016microarray,
  title={Microarray Data Processing Techniques for Genome-Scale Network Inference from Large Public Repositories},
  author={Chockalingam, Sriram and Aluru, Maneesha and Aluru, Srinivas},
  journal={Microarrays (Basel)},
  volume={5},
  number={3},
  pages={23},
  year={2016},
  publisher={Multidisciplinary Digital Publishing Institute},
  doi={10.3390/microarrays5030023},
  PMID={27657141},
  PMCID={PMC5040970}
}

@article{mccarthy2009testing,
  title={Testing significance relative to a fold-change threshold is a TREAT},
  author={McCarthy, Davis J and Smyth, Gordon K},
  journal={Bioinformatics},
  volume={25},
  number={6},
  pages={765--771},
  year={2009},
  publisher={Oxford University Press},
  doi={10.1093/bioinformatics/btp053},
  PMID={19176553},
  PMCID={PMC2654802}
}

@article{mccarthy2009testing,
  title={Testing significance relative to a fold-change threshold is a TREAT},
  author={McCarthy, Davis J and Smyth, Gordon K},
  journal={Bioinformatics},
  volume={25},
  number={6},
  pages={765--771},
  year={2009},
  publisher={Oxford University Press},
  doi={10.1093/bioinformatics/btp053},
  PMID={19176553},
  PMCID={PMC2654802}
}

@article {Kleverov2022.12.10.519861,
	author = {Maksim Kleverov and Daria Zenkova and Vladislav Kamenev and Margarita Sablina and Maxim N. Artyomov and Alexey A. Sergushichev},
	title = {Phantasus: web-application for visual and interactive gene expression analysis},
	elocation-id = {2022.12.10.519861},
	year = {2022},
	doi = {10.1101/2022.12.10.519861},
	publisher = {Cold Spring Harbor Laboratory},
	journal = {bioRxiv}
}

@article{10.1093/nar/gkz240,
    author = {Zhou, Guangyan and Soufan, Othman and Ewald, Jessica and Hancock, Robert E W and Basu, Niladri and Xia, Jianguo},
    title = "{NetworkAnalyst 3.0: a visual analytics platform for comprehensive gene expression profiling and meta-analysis}",
    journal = {Nucleic Acids Research},
    volume = {47},
    number = {W1},
    pages = {W234-W241},
    year = {2019},
    month = {04},
    issn = {0305-1048},
    doi = {10.1093/nar/gkz240},
    eprint = {https://academic.oup.com/nar/article-pdf/47/W1/W234/28879872/gkz240.pdf},
}

@article{ma2011principal,
  title={Principal component analysis based methods in bioinformatics studies},
  author={Ma, Shuangge and Dai, Ying},
  journal={Brief Bioinform},
  volume={12},
  number={6},
  pages={714--722},
  year={2011},
  publisher={Oxford University Press}
}

@article{rosati2024differential,
  title={Differential gene expression analysis pipelines and bioinformatic tools for the identification of specific biomarkers: A Review},
  author={Rosati, Diletta and Palmieri, Maria and Brunelli, Giulia and Morrione, Andrea and Iannelli, Francesco and Frullanti, Elisa and Giordano, Antonio},
  journal={Computational and Structural Biotechnology Journal},
  volume={},
  number={},
  pages={},
  year={2024},
  publisher={Elsevier},
  doi={10.1016/j.csbj.2024.02.018},
  issn={2001-0370}
}

@article{Xiao:TCF21,
  title = {Prognostic significance of {{TCF21}} mRNA expression in patients with lung adenocarcinoma},
  author = {Xiao, J. and Liu, A. and Lu, X. and Chen, X. and Li, W. and He, S. and He, B. and Chen, Q.},
  journal = {Scientific Reports},
  volume = {7},
  number = {1},
  pages = {2027},
  year = {2017},
  doi = {10.1038/s41598-017-02290-2},
  pmid = {28515486},
  pmcid = {PMC5435710},
}

@misc{GSE10072,
  title = {{Gene Expression Omnibus (GEO)}},
  author = {{National Center for Biotechnology Information (NCBI)}},
  howpublished = {\url{https://www.ncbi.nlm.nih.gov/geo/query/acc.cgi?acc=GSE10072}}
}
